@article{PhysRevA.44.4704,
  title = {Quantum coherence and classical chaos in a pulsed parametric oscillator with a Kerr nonlinearity},
  author = {Milburn, G. J. and Holmes, C. A.},
  journal = {Phys. Rev. A},
  volume = {44},
  issue = {7},
  pages = {4704--4711},
  numpages = {0},
  year = {1991},
  month = {Oct},
  publisher = {American Physical Society},
  doi = {10.1103/PhysRevA.44.4704},
  url = {https://link.aps.org/doi/10.1103/PhysRevA.44.4704}
}

@article{PhysRevA.48.2494,
  title = {Quantum tunneling in a Kerr medium with parametric pumping},
  author = {Wielinga, B. and Milburn, G. J.},
  journal = {Phys. Rev. A},
  volume = {48},
  issue = {3},
  pages = {2494--2496},
  numpages = {0},
  year = {1993},
  month = {Sep},
  publisher = {American Physical Society},
  doi = {10.1103/PhysRevA.48.2494},
  url = {https://link.aps.org/doi/10.1103/PhysRevA.48.2494}
}


@article{cochrane1999macroscopically,
  title={Macroscopically distinct quantum-superposition states as a bosonic code for amplitude damping},
  author={Cochrane, Paul T and Milburn, Gerard J and Munro, William J},
  journal={Physical Review A},
  volume={59},
  number={4},
  pages={2631},
  year={1999},
  publisher={APS}
}

@article{kadowaki1998quantum,
  title={Quantum annealing in the transverse Ising model},
  author={Kadowaki, Tadashi and Nishimori, Hidetoshi},
  journal={Phys. Rev. E},
  volume={58},
  number={5},
  pages={5355},
  year={1998},
  publisher={APS}
}

@article{walter2017rapid,
  title={Rapid high-fidelity single-shot dispersive readout of superconducting qubits},
  author={Walter, Theodore and Kurpiers, Philipp and Gasparinetti, Simone and Magnard, Paul and Poto{\v{c}}nik, Anton and Salath{\'e}, Yves and Pechal, Marek and Mondal, Mintu and Oppliger, Markus and Eichler, Christopher and others},
  journal={Physical Review Applied},
  volume={7},
  number={5},
  pages={054020},
  year={2017},
  publisher={APS}
}

@article{mallet2009single,
  title={Single-shot qubit readout in circuit quantum electrodynamics},
  author={Mallet, Francois and Ong, Florian R and Palacios-Laloy, Agustin and Nguyen, Francois and Bertet, Patrice and Vion, Denis and Esteve, Daniel},
  journal={Nature Physics},
  volume={5},
  number={11},
  pages={791--795},
  year={2009},
  publisher={Nature Publishing Group}
}

@article{vijay2011observation,
  title={Observation of quantum jumps in a superconducting artificial atom},
  author={Vijay, R and Slichter, DH and Siddiqi, I},
  journal={Physical Review Letters},
  volume={106},
  number={11},
  pages={110502},
  year={2011},
  publisher={APS}
}

@article{endo2020projecting,
  title={Projecting an ultra-strongly-coupled system in a non-energy-eigenbasis with a driven nonlinear resonator},
  author={Endo, Suguru and Matsuzaki, Yuichiro and Kakuyanagi, Kosuke and Saito, Shiro and Lambert, Neill and Nori, Franco},
  journal={Scientific Reports},
  volume={10},
  number={1},
  pages={1--20},
  year={2020},
  publisher={Nature Publishing Group}
}

@article{masuda2021theoretical,
  title={Theoretical study of reflection spectroscopy for superconducting quantum parametrons},
  author={Masuda, S and Yamaguchi, A and Yamaji, T and Yamamoto, T and Ishikawa, T and Matsuzaki, Y and Kawabata, S},
  journal={New Journal of Physics},
  volume={23},
  number={9},
  pages={093023},
  year={2021},
  publisher={IOP Publishing}
}

@article{astafiev2010resonance,
  title={Resonance fluorescence of a single artificial atom},
  author={Astafiev, O and Zagoskin, Alexandre M and Abdumalikov Jr, AA and Pashkin, Yu A and Yamamoto, T and Inomata, K and Nakamura, Y and Tsai, Jaw Shen},
  journal={Science},
  volume={327},
  number={5967},
  pages={840--843},
  year={2010},
  publisher={American Association for the Advancement of Science}
}

@article{2022ssdmkm,
Title = {"
pectroscopic estimation of the photon number for
superconducting Kerr parametric oscillators
"},
	Author = {Matsumoto, K. and Yamaguchi, A. and Yamamoto, T. and Kawabata, S. and Matsuzaki, Y. },
	Journal = {
	{ \rm{ Ext. Abstr. Solid State Devices and Materials, 2022, p. 187}}},
	Year = {(2022)}
	}

@article{morita2008mathematical,
  title={Mathematical foundation of quantum annealing},
  author={Morita, Satoshi and Nishimori, Hidetoshi},
  journal={Journal of Mathematical Physics},
  volume={49},
  number={12},
  pages={125210},
  year={2008},
  publisher={American Institute of Physics}
}

@article{chiorescu2004coherent,
  title={Coherent dynamics of a flux qubit coupled to a harmonic oscillator},
  author={Chiorescu, I and Bertet, P and Semba, K and Nakamura, Y and Harmans, CJPM and Mooij, JE},
  journal={Nature},
  volume={431},
  number={7005},
  pages={159--162},
  year={2004},
  publisher={Nature Publishing Group}
}

@article{wallraff2004strong,
  title={Strong coupling of a single photon to a superconducting qubit using circuit quantum electrodynamics},
  author={Wallraff, Andreas and Schuster, David I and Blais, Alexandre and Frunzio, Luigi and Huang, R-S and Majer, Johannes and Kumar, Sameer and Girvin, Steven M and Schoelkopf, Robert J},
  journal={Nature},
  volume={431},
  number={7005},
  pages={162--167},
  year={2004},
  publisher={Nature Publishing Group}
}

@article{farhi2001quantum,
  title={A quantum adiabatic evolution algorithm applied to random instances of an NP-complete problem},
  author={Farhi, Edward and Goldstone, Jeffrey and Gutmann, Sam and Lapan, Joshua and Lundgren, Andrew and Preda, Daniel},
  journal={Science},
  volume={292},
  number={5516},
  pages={472--475},
  year={2001},
  publisher={American Association for the Advancement of Science}
}

@article{bourassa2012josephson,
  title={Josephson-junction-embedded transmission-line resonators: From Kerr medium to in-line transmon},
  author={Bourassa, J and Beaudoin, F and Gambetta, Jay M and Blais, A},
  journal={Phys. Rev. A},
  volume={86},
  number={1},
  pages={013814},
  year={2012},
  publisher={APS}
}

@article{PhysRevA.44.4704,
  title = {Quantum coherence and classical chaos in a pulsed parametric oscillator with a Kerr nonlinearity},
  author = {Milburn, G. J. and Holmes, C. A.},
  journal = {Phys. Rev. A},
  volume = {44},
  issue = {7},
  pages = {4704--4711},
  numpages = {0},
  year = {1991},
  month = {Oct},
  publisher = {American Physical Society},
  doi = {10.1103/PhysRevA.44.4704},
  url = {https://link.aps.org/doi/10.1103/PhysRevA.44.4704}
}

@article{meaney2014quantum,
  title={Quantum and classical nonlinear dynamics in a microwave cavity},
  author={Meaney, Charles H and Nha, Hyunchul and Duty, Timothy and Milburn, Gerard J},
  journal={EPJ Quantum Technology},
  volume={1},
  number={1},
  pages={1--23},
  year={2014},
  publisher={Springer}
}

@article{PhysRevA.48.2494,
  title = {Quantum tunneling in a Kerr medium with parametric pumping},
  author = {Wielinga, B. and Milburn, G. J.},
  journal = {Phys. Rev. A},
  volume = {48},
  issue = {3},
  pages = {2494--2496},
  numpages = {0},
  year = {1993},
  month = {Sep},
  publisher = {American Physical Society},
  doi = {10.1103/PhysRevA.48.2494},
  url = {https://link.aps.org/doi/10.1103/PhysRevA.48.2494}
}


@article{cochrane1999macroscopically,
  title={Macroscopically distinct quantum-superposition states as a bosonic code for amplitude damping},
  author={Cochrane, Paul T and Milburn, Gerard J and Munro, William J},
  journal={Phys. Rev. A},
  volume={59},
  number={4},
  pages={2631},
  year={1999},
  publisher={APS}
}


@article{leghtas2015confining,
  title={Confining the state of light to a quantum manifold by engineered two-photon loss},
  author={Leghtas, Zaki and Touzard, Steven and Pop, Ioan M and Kou, Angela and Vlastakis, Brian and Petrenko, Andrei and Sliwa, Katrina M and Narla, Anirudh and Shankar, Shyam and Hatridge, Michael J and others},
  journal={Science},
  volume={347},
  number={6224},
  pages={853--857},
  year={2015},
  publisher={American Association for the Advancement of Science}
}


@article{goto2019quantum,
  title={Quantum computation based on quantum adiabatic bifurcations of Kerr-nonlinear parametric oscillators},
  author={Goto, Hayato},
  journal={Journal of the Physical Society of Japan},
  volume={88},
  number={6},
  pages={061015},
  year={2019},
  publisher={The Physical Society of Japan}
}


@article{goto2016bifurcation,
  title={Bifurcation-based adiabatic quantum computation with a nonlinear oscillator network},
  author={Goto, Hayato},
  journal={Scientific Reports},
  volume={6},
  number={1},
  pages={1--8},
  year={2016},
  publisher={Nature Publishing Group}
}

@article{puri2017quantum,
  title={Quantum annealing with all-to-all connected nonlinear oscillators},
  author={Puri, Shruti and Andersen, Christian Kraglund and Grimsmo, Arne L and Blais, Alexandre},
  journal={Nature communications},
  volume={8},
  number={1},
  pages={1--9},
  year={2017},
  publisher={Nature Publishing Group}
}

@article{goto2019demand,
  title={On-demand generation of traveling cat states using a parametric oscillator},
  author={Goto, Hayato and Lin, Zhirong and Yamamoto, Tsuyoshi and Nakamura, Yasunobu},
  journal={Phys. Rev. A},
  volume={99},
  number={2},
  pages={023838},
  year={2019},
  publisher={APS}
}

@article{goto2016universal,
  title={Universal quantum computation with a nonlinear oscillator network},
  author={Goto, Hayato},
  journal={Phys. Rev. A},
  volume={93},
  number={5},
  pages={050301},
  year={2016},
  publisher={APS}
}


@article{wang2019quantum,
  title={Quantum dynamics of a few-photon parametric oscillator},
  author={Wang, Zhaoyou and Pechal, Marek and Wollack, E Alex and Arrangoiz-Arriola, Patricio and Gao, Maodong and Lee, Nathan R and Safavi-Naeini, Amir H},
  journal={Phys. Rev. X},
  volume={9},
  number={2},
  pages={021049},
  year={2019},
  publisher={APS}
}


@article{grimm2020stabilization,
  title={Stabilization and operation of a Kerr-cat qubit},
  author={Grimm, Alexander and Frattini, Nicholas E and Puri, Shruti and Mundhada, Shantanu O and Touzard, Steven and Mirrahimi, Mazyar and Girvin, Steven M and Shankar, Shyam and Devoret, Michel H},
  journal={Nature},
  volume={584},
  number={7820},
  pages={205--209},
  year={2020},
  publisher={Nature Publishing Group}
}

@article{yamaji2022spectroscopic,
  title={Spectroscopic observation of the crossover from a classical Duffing oscillator to a Kerr parametric oscillator},
  author={Yamaji, Tomohiro and Kagami, Sota and Yamaguchi, Aiko and Satoh, Tetsuro and Koshino, Kazuki and Goto, Hayato and Lin, ZR and Nakamura, Yasunobu and Yamamoto, Tsuyoshi},
  journal={Phys. Rev. A},
  volume={105},
  number={2},
  pages={023519},
  year={2022},
  publisher={APS}
}



@article{puri2017engineering,
  title={Engineering the quantum states of light in a Kerr-nonlinear resonator by two-photon driving},
  author={Puri, Shruti and Boutin, Samuel and Blais, Alexandre},
  journal={npj Quantum Information},
  volume={3},
  number={1},
  pages={1--7},
  year={2017},
  publisher={Nature Publishing Group}
}

@article{puri2020bias,
  title={Bias-preserving gates with stabilized cat qubits},
  author={Puri, Shruti and St-Jean, Lucas and Gross, Jonathan A and Grimm, Alexander and Frattini, Nicholas E and Iyer, Pavithran S and Krishna, Anirudh and Touzard, Steven and Jiang, Liang and Blais, Alexandre and others},
  journal={Science Advances},
  volume={6},
  number={34},
  pages={eaay5901},
  year={2020},
  publisher={American Association for the Advancement of Science}
}

@article{nigg2017robust,
  title={Robust quantum optimizer with full connectivity},
  author={Nigg, Simon E and L{\"o}rch, Niels and Tiwari, Rakesh P},
  journal={Science Advances},
  volume={3},
  number={4},
  pages={e1602273},
  year={2017},
  publisher={American Association for the Advancement of Science}
}

@article{onodera2020quantum,
  title={A quantum annealer with fully programmable all-to-all coupling via Floquet engineering},
  author={Onodera, Tatsuhiro and Ng, Edwin and McMahon, Peter L},
  journal={npj Quantum Information},
  volume={6},
  number={1},
  pages={1--10},
  year={2020},
  publisher={Nature Publishing Group}
}


@ARTICLE{2020CmPhy...3..235G,
       author = {{Goto}, Hayato and {Kanao}, Taro},
        title = "{Quantum annealing using vacuum states as effective excited states of driven systems}",
      journal = {Communications Physics},
         year = 2020,
        month = dec,
       volume = {3},
       number = {1},
          eid = {235},
        pages = {235},
          doi = {10.1038/s42005-020-00502-2},
       adsurl = {https://ui.adsabs.harvard.edu/abs/2020CmPhy...3..235G},
      adsnote = {Provided by the SAO/NASA Astrophysics Data System}
}








@article{bartolo2016exact,
  title={Exact steady state of a Kerr resonator with one-and two-photon driving and dissipation: Controllable Wigner-function multimodality and dissipative phase transitions},
  author={Bartolo, Nicola and Minganti, Fabrizio and Casteels, Wim and Ciuti, Cristiano},
  journal={Phys. Rev. A},
  volume={94},
  number={3},
  pages={033841},
  year={2016},
  publisher={APS}
}

@article{minganti2018spectral,
  title={Spectral theory of Liouvillians for dissipative phase transitions},
  author={Minganti, Fabrizio and Biella, Alberto and Bartolo, Nicola and Ciuti, Cristiano},
  journal={Phys. Rev. A},
  volume={98},
  number={4},
  pages={042118},
  year={2018},
  publisher={APS}
}

@article{dykman2018interaction,
  title={Interaction-induced time-symmetry breaking in driven quantum oscillators},
  author={Dykman, MI and Bruder, Christoph and L{\"o}rch, Niels and Zhang, Yaxing},
  journal={Phys. Rev. B},
  volume={98},
  number={19},
  pages={195444},
  year={2018},
  publisher={APS}
}


@article{rota2019quantum,
  title={Quantum critical regime in a quadratically driven nonlinear photonic lattice},
  author={Rota, Riccardo and Minganti, Fabrizio and Ciuti, Cristiano and Savona, Vincenzo},
  journal={Physical Review Letters},
  volume={122},
  number={11},
  pages={110405},
  year={2019},
  publisher={APS}
}




@article{lechner2015quantum,
  title={A quantum annealing architecture with all-to-all connectivity from local interactions},
  author={Lechner, Wolfgang and Hauke, Philipp and Zoller, Peter},
  journal={Science Advances},
  volume={1},
  number={9},
  pages={e1500838},
  year={2015},
  publisher={American Association for the Advancement of Science}
}


@article{kanao2021high,
  title={High-accuracy Ising machine using Kerr-nonlinear parametric oscillators with local four-body interactions},
  author={Kanao, Taro and Goto, Hayato},
  journal={npj Quantum Information},
  volume={7},
  number={1},
  pages={1--7},
  year={2021},
  publisher={Nature Publishing Group}
}






@article{Mollow:1969zz,
    author = "Mollow, B. R.",
    title = "{Power Spectrum of Light Scattered by Two-Level Systems}",
    doi = "10.1103/PhysRev.188.1969",
    journal = "Phys. Rev.",
    volume = "188",
    pages = "1969--1975",
    year = "1969"
}

@article{wu1994phase,
  title={Phase-sensitive dynamics of bichromatically driven two-level atoms},
  author={Wu, Qilin and Gauthier, Daniel J and Mossberg, TW},
  journal={Phys. Rev. A},
  volume={49},
  number={3},
  pages={R1519},
  year={1994},
  publisher={APS}
}

@article{wrigge2008efficient,
  title={Efficient coupling of photons to a single molecule and the observation of its resonance fluorescence},
  author={Wrigge, Gert and Gerhardt, Ilja and Hwang, Jaesuk and Zumofen, Gert and Sandoghdar, Vahid},
  journal={Nature Physics},
  volume={4},
  number={1},
  pages={60--66},
  year={2008},
  publisher={Nature Publishing Group}
}

@article{ulhaq2012cascaded,
  title={Cascaded single-photon emission from the Mollow triplet sidebands of a quantum dot},
  author={Ulhaq, Ata and Weiler, Stefanie and Ulrich, Sven M and Ro{\ss}bach, Robert and Jetter, Michael and Michler, Peter},
  journal={Nature Photonics},
  volume={6},
  number={4},
  pages={238--242},
  year={2012},
  publisher={Nature Publishing Group}
}


@article{xu2007coherent,
  title={Coherent optical spectroscopy of a strongly driven quantum dot},
  author={Xu, Xiaodong and Sun, Bo and Berman, Paul R and Steel, Duncan G and Bracker, Allan S and Gammon, Dan and Sham, Lu J},
  journal={Science},
  volume={317},
  number={5840},
  pages={929--932},
  year={2007},
  publisher={American Association for the Advancement of Science}
}

@article{laucht2017dressed,
  title={A dressed spin qubit in silicon},
  author={Laucht, Arne and Kalra, Rachpon and Simmons, Stephanie and Dehollain, Juan P and Muhonen, Juha T and Mohiyaddin, Fahd A and Freer, Solomon and Hudson, Fay E and Itoh, Kohei M and Jamieson, David N and others},
  journal={Nature Nanotechnology},
  volume={12},
  number={1},
  pages={61--66},
  year={2017},
  publisher={Nature Publishing Group}
}






@article{johansson2012qutip,
  title={QuTiP: An open-source Python framework for the dynamics of open quantum systems},
  author={Johansson, J Robert and Nation, Paul D and Nori, Franco},
  journal={Computer Physics Communications},
  volume={183},
  number={8},
  pages={1760--1772},
  year={2012},
  publisher={Elsevier}
}








@article{johnson2010quantum,
  title={Quantum non-demolition detection of single microwave photons in a circuit},
  author={Johnson, BR and Reed, MD and Houck, Andrew Addison and Schuster, DI and Bishop, Lev S and Ginossar, Eran and Gambetta, JM and DiCarlo, L and Frunzio, L and Girvin, SM and others},
  journal={Nature Physics},
  volume={6},
  number={9},
  pages={663--667},
  year={2010},
  publisher={Nature Publishing Group}
}

@article{PhysRevApplied.14.044022,
  title = {Number-Resolved Photocounter for Propagating Microwave Mode},
  author = {Dassonneville, R. and Assouly, R. and Peronnin, T. and Rouchon, P. and Huard, B.},
  journal = {Phys. Rev. Applied},
  volume = {14},
  issue = {4},
  pages = {044022},
  numpages = {18},
  year = {2020},
  month = {Oct},
  publisher = {American Physical Society},
  doi = {10.1103/PhysRevApplied.14.044022},
  url = {https://link.aps.org/doi/10.1103/PhysRevApplied.14.044022}
}

@article{PhysRevX.11.031045,
  title = {Multiplexed Photon Number Measurement},
  author = {Essig, Antoine and Ficheux, Quentin and Peronnin, Th\'eau and Cottet, Nathana\"el and Lescanne, Rapha\"el and Sarlette, Alain and Rouchon, Pierre and Leghtas, Zaki and Huard, Benjamin},
  journal = {Phys. Rev. X},
  volume = {11},
  issue = {3},
  pages = {031045},
  numpages = {33},
  year = {2021},
  month = {Aug},
  publisher = {American Physical Society},
  doi = {10.1103/PhysRevX.11.031045},
  url = {https://link.aps.org/doi/10.1103/PhysRevX.11.031045}
}

@article{PhysRevA.103.023705,
  title = {Single-shot number-resolved detection of microwave photons with error mitigation},
  author = {Curtis, Jacob C. and Hann, Connor T. and Elder, Salvatore S. and Wang, Christopher S. and Frunzio, Luigi and Jiang, Liang and Schoelkopf, Robert J.},
  journal = {Phys. Rev. A},
  volume = {103},
  issue = {2},
  pages = {023705},
  numpages = {13},
  year = {2021},
  month = {Feb},
  publisher = {American Physical Society},
  doi = {10.1103/PhysRevA.103.023705},
  url = {https://link.aps.org/doi/10.1103/PhysRevA.103.023705}
}


